% Encoding: UTF-8

@article{lyp1988,
  title={Development of the Colle-Salvetti correlation-energy formula into a functional of the electron density},
  author={Lee, Chengteh and Yang, Weitao and Parr, Robert G},
  journal={Physical review B},
  volume={37},
  number={2},
  pages={785},
  year={1988},
  doi={10.1103/PhysRevB.37.785},
  publisher={APS},
}

@article{becke1988density,
  title={Density-functional exchange-energy approximation with correct asymptotic behavior},
  author={Becke, Axel D},
  journal={Physical review A},
  volume={38},
  number={6},
  pages={3098},
  year={1988},
  publisher={APS},
}

@article{becke1993dft,
  author  = {Becke,Axel D.},
  journal = {The Journal of Chemical Physics},
  title   = {Density‐functional thermochemistry. III. The role of exact exchange},
  year    = {1993},
  number  = {7},
  pages   = {5648-5652},
  volume  = {98},
  doi     = {10.1063/1.464913},
}

@article{stephens1994ab,
  title={Ab initio calculation of vibrational absorption and circular dichroism spectra using density functional force fields},
  author={Stephens, Philip J and Devlin, Frank J and Chabalowski, Cary F and Frisch, Michael J},
  journal={The Journal of physical chemistry},
  volume={98},
  number={45},
  pages={11623--11627},
  year={1994},
  publisher={ACS Publications}
}

@article{vosko1980accurate,
  title={Accurate spin-dependent electron liquid correlation energies for local spin density calculations: a critical analysis},
  author={Vosko, Seymour H and Wilk, Leslie and Nusair, Marwan},
  journal={Canadian Journal of physics},
  volume={58},
  number={8},
  pages={1200--1211},
  year={1980},
  publisher={NRC Research Press}
}

@Article{devarakonda_2020,
  author  = {Devarakonda, S. and Bradley, J. and Korobskiy, D. and Warnow, T. and Chacko, G.},
  journal = {Quantitative Science Studies},
  title   = {Frequently Co-cited Publications: Features and Kinetics},
  year    = {2020},
  doi     = {10.1162/qss_a_00075},
}

@Article{Small1973,
  author     = {Small, Henry},
  journal    = {Journal of the American Society for Information Science},
  title      = {Co-citation in the scientific literature: {A} new measure of the relationship between two documents},
  year       = {1973},
  issn       = {1097-4571},
  number     = {4},
  pages      = {265--269},
  volume     = {24},
  copyright  = {Copyright © 1973 Wiley Periodicals, Inc., A Wiley Company},
  doi        = {10.1002/asi.4630240406},
  file       = {Snapshot:/Users/george/Zotero/storage/4WSLE3NQ/asi.html:text/html},
  language   = {en},
  shorttitle = {Co-citation in the scientific literature},
}

@Article{MarshakovaShaikevich1973,
  author  = {Marshakova-Shaikevich, Irina},
  journal = {Scientific and Technical Information Serial of VINITI},
  title   = {System of {Document} {Connections} {Based} on {References}},
  year    = {1973},
  number  = {2},
  pages   = {3--8},
  volume  = {6},
  url     = {http://garfield.library.upenn.edu/marshakova/marshakovanauchtechn1973.pdf},
}

@Article{Stringer2010,
  author  = {Stringer, Michael J. and Sales-Pardo, Marta and Amaral, Luís A. Nunes},
  journal = {PLoS ONE},
  title   = {Statistical validation of a global model for the distribution of the ultimate number of citations accrued by papers published in a scientific journal},
  year    = {2010},
  number  = {7},
  pages   = {1377--1385},
  volume  = {61},
  file    = {Snapshot:/Users/george/Zotero/storage/A3U7Y35K/asi.html:text/html},
}

@Article{Uzzi2013,
  author    = {Uzzi, Brian and Mukherjee, Satyam and Stringer, Michael and Jones, Ben},
  journal   = {Science},
  title     = {Atypical {Combinations} and {Scientific} {Impact}},
  year      = {2013},
  issn      = {0036-8075, 1095-9203},
  month     = oct,
  number    = {6157},
  pages     = {468--472},
  volume    = {342},
  copyright = {Copyright © 2013, American Association for the Advancement of Science},
  doi       = {10.1126/science.1240474},
  language  = {en},
  pmid      = {24159044},
}

@article{small1974multiple,
  title={Multiple citation patterns in scientific literature: The circle and hill models},
  author={Small, Henry G},
  journal={Information Storage and Retrieval},
  volume={10},
  number={11-12},
  pages={393--402},
  year={1974},
  publisher={Elsevier}
}

@misc{johansson2002,
  title={{B3LYP} proper reference},
  author={multiple authors},
  note = "\url{https://bit.ly/3gIsaLm}"
}

@Comment{jabref-meta: databaseType:bibtex;}
